
@ARTICLE{Oesch2016,
   author = {{Oesch}, P.~A. and {Brammer}, G. and {van Dokkum}, P.~G. and 
	{Illingworth}, G.~D. and {Bouwens}, R.~J. and {Labb{\'e}}, I. and 
	{Franx}, M. and {Momcheva}, I. and {Ashby}, M.~L.~N. and {Fazio}, G.~G. and 
	{Gonzalez}, V. and {Holden}, B. and {Magee}, D. and {Skelton}, R.~E. and 
	{Smit}, R. and {Spitler}, L.~R. and {Trenti}, M. and {Willner}, S.~P.
	},
    title = "{A Remarkably Luminous Galaxy at z=11.1 Measured with Hubble Space Telescope Grism Spectroscopy}",
  journal = {\apj},
archivePrefix = "arXiv",
   eprint = {1603.00461},
 keywords = {dark ages, reionization, first stars, galaxies: evolution, galaxies: formation, galaxies: high-redshift},
     year = 2016,
    month = mar,
   volume = 819,
      eid = {129},
    pages = {129},
      doi = {10.3847/0004-637X/819/2/129},
   adsurl = {http://adsabs.harvard.edu/abs/2016ApJ...819..129O},
  adsnote = {Provided by the SAO/NASA Astrophysics Data System}
}

@ARTICLE{Su2011,
   author = {{Su}, M. and {Yadav}, A.~P.~S. and {McQuinn}, M. and {Yoo}, J. and 
	{Zaldarriaga}, M.},
    title = "{An Improved Forecast of Patchy Reionization Reconstruction with CMB}",
  journal = {ArXiv e-prints},
archivePrefix = "arXiv",
   eprint = {1106.4313},
 primaryClass = "astro-ph.CO",
 keywords = {Astrophysics - Cosmology and Extragalactic Astrophysics},
     year = 2011,
    month = jun,
   adsurl = {http://adsabs.harvard.edu/abs/2011arXiv1106.4313S},
  adsnote = {Provided by the SAO/NASA Astrophysics Data System}
}
@ARTICLE{Zaldarriaga2008,
   author = {{Zaldarriaga}, M. and {Colombo}, L. and {Komatsu}, E. and {Lidz}, A. and 
	{Mortonson}, M. and {Oh}, S.~P. and {Pierpaoli}, E. and {Verde}, L. and 
	{Zahn}, O.},
    title = "{CMBPol Mission Concept Study: Reionization Science with the Cosmic Microwave Background}",
  journal = {ArXiv e-prints},
archivePrefix = "arXiv",
   eprint = {0811.3918},
 keywords = {Astrophysics},
     year = 2008,
    month = nov,
   adsurl = {http://adsabs.harvard.edu/abs/2008arXiv0811.3918Z},
  adsnote = {Provided by the SAO/NASA Astrophysics Data System}
}


@ARTICLE{cmbs4,
   author = {{Abazajian}, K.~N. and {Adshead}, P. and {Ahmed}, Z. and {Allen}, S.~W. and 
	{Alonso}, D. and {Arnold}, K.~S. and {Baccigalupi}, C. and {Bartlett}, J.~G. and 
	{Battaglia}, N. and {Benson}, B.~A. and {Bischoff}, C.~A. and 
	{Borrill}, J. and {Buza}, V. and {Calabrese}, E. and {Caldwell}, R. and 
	{Carlstrom}, J.~E. and {Chang}, C.~L. and {Crawford}, T.~M. and 
	{Cyr-Racine}, F.-Y. and {De Bernardis}, F. and {de Haan}, T. and 
	{di Serego Alighieri}, S. and {Dunkley}, J. and {Dvorkin}, C. and 
	{Errard}, J. and {Fabbian}, G. and {Feeney}, S. and {Ferraro}, S. and 
	{Filippini}, J.~P. and {Flauger}, R. and {Fuller}, G.~M. and 
	{Gluscevic}, V. and {Green}, D. and {Grin}, D. and {Grohs}, E. and 
	{Henning}, J.~W. and {Hill}, J.~C. and {Hlozek}, R. and {Holder}, G. and 
	{Holzapfel}, W. and {Hu}, W. and {Huffenberger}, K.~M. and {Keskitalo}, R. and 
	{Knox}, L. and {Kosowsky}, A. and {Kovac}, J. and {Kovetz}, E.~D. and 
	{Kuo}, C.-L. and {Kusaka}, A. and {Le Jeune}, M. and {Lee}, A.~T. and 
	{Lilley}, M. and {Loverde}, M. and {Madhavacheril}, M.~S. and 
	{Mantz}, A. and {Marsh}, D.~J.~E. and {McMahon}, J. and {Meerburg}, P.~D. and 
	{Meyers}, J. and {Miller}, A.~D. and {Munoz}, J.~B. and {Nguyen}, H.~N. and 
	{Niemack}, M.~D. and {Peloso}, M. and {Peloton}, J. and {Pogosian}, L. and 
	{Pryke}, C. and {Raveri}, M. and {Reichardt}, C.~L. and {Rocha}, G. and 
	{Rotti}, A. and {Schaan}, E. and {Schmittfull}, M.~M. and {Scott}, D. and 
	{Sehgal}, N. and {Shandera}, S. and {Sherwin}, B.~D. and {Smith}, T.~L. and 
	{Sorbo}, L. and {Starkman}, G.~D. and {Story}, K.~T. and {van Engelen}, A. and 
	{Vieira}, J.~D. and {Watson}, S. and {Whitehorn}, N. and {Kimmy Wu}, W.~L.
	},
    title = "{CMB-S4 Science Book, First Edition}",
  journal = {ArXiv e-prints},
archivePrefix = "arXiv",
   eprint = {1610.02743},
 keywords = {Astrophysics - Cosmology and Nongalactic Astrophysics, General Relativity and Quantum Cosmology, High Energy Physics - Phenomenology, High Energy Physics - Theory},
     year = 2016,
    month = oct,
   adsurl = {http://adsabs.harvard.edu/abs/2016arXiv161002743A},
  adsnote = {Provided by the SAO/NASA Astrophysics Data System}
}


@ARTICLE{Jacobs2016,
   author = {{Jacobs}, D.~C. and {Hazelton}, B.~J. and {Trott}, C.~M. and 
	{Dillon}, J.~S. and {Pindor}, B. and {Sullivan}, I.~S. and {Pober}, J.~C. and 
	{Barry}, N. and {Beardsley}, A.~P. and {Bernardi}, G. and {Bowman}, J.~D. and 
	{Briggs}, F. and {Cappallo}, R.~J. and {Carroll}, P. and {Corey}, B.~E. and 
	{de Oliveira-Costa}, A. and {Emrich}, D. and {Ewall-Wice}, A. and 
	{Feng}, L. and {Gaensler}, B.~M. and {Goeke}, R. and {Greenhill}, L.~J. and 
	{Hewitt}, J.~N. and {Hurley-Walker}, N. and {Johnston-Hollitt}, M. and 
	{Kaplan}, D.~L. and {Kasper}, J.~C. and {Kim}, H. and {Kratzenberg}, E. and 
	{Lenc}, E. and {Line}, J. and {Loeb}, A. and {Lonsdale}, C.~J. and 
	{Lynch}, M.~J. and {McKinley}, B. and {McWhirter}, S.~R. and 
	{Mitchell}, D.~A. and {Morales}, M.~F. and {Morgan}, E. and 
	{Neben}, A.~R. and {Thyagarajan}, N. and {Oberoi}, D. and {Offringa}, A.~R. and 
	{Ord}, S.~M. and {Paul}, S. and {Prabu}, T. and {Procopio}, P. and 
	{Riding}, J. and {Rogers}, A.~E.~E. and {Roshi}, A. and {Udaya Shankar}, N. and 
	{Sethi}, S.~K. and {Srivani}, K.~S. and {Subrahmanyan}, R. and 
	{Tegmark}, M. and {Tingay}, S.~J. and {Waterson}, M. and {Wayth}, R.~B. and 
	{Webster}, R.~L. and {Whitney}, A.~R. and {Williams}, A. and 
	{Williams}, C.~L. and {Wu}, C. and {Wyithe}, J.~S.~B.},
    title = "{The Murchison Widefield Array 21 cm Power Spectrum Analysis Methodology}",
  journal = {\apj},
archivePrefix = "arXiv",
   eprint = {1605.06978},
 primaryClass = "astro-ph.IM",
 keywords = {dark ages, reionization, first stars, methods: data analysis, techniques: interferometric},
     year = 2016,
    month = jul,
   volume = 825,
      eid = {114},
    pages = {114},
      doi = {10.3847/0004-637X/825/2/114},
   adsurl = {http://adsabs.harvard.edu/abs/2016ApJ...825..114J},
  adsnote = {Provided by the SAO/NASA Astrophysics Data System}
}


@ARTICLE{planck_reio,
   author = {{Planck Collaboration} and {Adam}, R. and {Aghanim}, N. and 
	{Ashdown}, M. and {Aumont}, J. and {Baccigalupi}, C. and {Ballardini}, M. and 
	{Banday}, A.~J. and {Barreiro}, R.~B. and {Bartolo}, N. and 
	{Basak}, S. and {Battye}, R. and {Benabed}, K. and {Bernard}, J.-P. and 
	{Bersanelli}, M. and {Bielewicz}, P. and {Bock}, J.~J. and {Bonaldi}, A. and 
	{Bonavera}, L. and {Bond}, J.~R. and {Borrill}, J. and {Bouchet}, F.~R. and 
	{Boulanger}, F. and {Bucher}, M. and {Burigana}, C. and {Calabrese}, E. and 
	{Cardoso}, J.-F. and {Carron}, J. and {Chiang}, H.~C. and {Colombo}, L.~P.~L. and 
	{Combet}, C. and {Comis}, B. and {Couchot}, F. and {Coulais}, A. and 
	{Crill}, B.~P. and {Curto}, A. and {Cuttaia}, F. and {Davis}, R.~J. and 
	{de Bernardis}, P. and {de Rosa}, A. and {de Zotti}, G. and 
	{Delabrouille}, J. and {Di Valentino}, E. and {Dickinson}, C. and 
	{Diego}, J.~M. and {Dor{\'e}}, O. and {Douspis}, M. and {Ducout}, A. and 
	{Dupac}, X. and {Elsner}, F. and {En{\ss}lin}, T.~A. and {Eriksen}, H.~K. and 
	{Falgarone}, E. and {Fantaye}, Y. and {Finelli}, F. and {Forastieri}, F. and 
	{Frailis}, M. and {Fraisse}, A.~A. and {Franceschi}, E. and 
	{Frolov}, A. and {Galeotta}, S. and {Galli}, S. and {Ganga}, K. and 
	{G{\'e}nova-Santos}, R.~T. and {Gerbino}, M. and {Ghosh}, T. and 
	{Gonz{\'a}lez-Nuevo}, J. and {G{\'o}rski}, K.~M. and {Gruppuso}, A. and 
	{Gudmundsson}, J.~E. and {Hansen}, F.~K. and {Helou}, G. and 
	{Henrot-Versill{\'e}}, S. and {Herranz}, D. and {Hivon}, E. and 
	{Huang}, Z. and {Ili{\'c}}, S. and {Jaffe}, A.~H. and {Jones}, W.~C. and 
	{Keih{\"a}nen}, E. and {Keskitalo}, R. and {Kisner}, T.~S. and 
	{Knox}, L. and {Krachmalnicoff}, N. and {Kunz}, M. and {Kurki-Suonio}, H. and 
	{Lagache}, G. and {L{\"a}hteenm{\"a}ki}, A. and {Lamarre}, J.-M. and 
	{Langer}, M. and {Lasenby}, A. and {Lattanzi}, M. and {Lawrence}, C.~R. and 
	{Le Jeune}, M. and {Levrier}, F. and {Lewis}, A. and {Liguori}, M. and 
	{Lilje}, P.~B. and {L{\'o}pez-Caniego}, M. and {Ma}, Y.-Z. and 
	{Mac{\'{\i}}as-P{\'e}rez}, J.~F. and {Maggio}, G. and {Mangilli}, A. and 
	{Maris}, M. and {Martin}, P.~G. and {Mart{\'{\i}}nez-Gonz{\'a}lez}, E. and 
	{Matarrese}, S. and {Mauri}, N. and {McEwen}, J.~D. and {Meinhold}, P.~R. and 
	{Melchiorri}, A. and {Mennella}, A. and {Migliaccio}, M. and 
	{Miville-Desch{\^e}nes}, M.-A. and {Molinari}, D. and {Moneti}, A. and 
	{Montier}, L. and {Morgante}, G. and {Moss}, A. and {Naselsky}, P. and 
	{Natoli}, P. and {Oxborrow}, C.~A. and {Pagano}, L. and {Paoletti}, D. and 
	{Partridge}, B. and {Patanchon}, G. and {Patrizii}, L. and {Perdereau}, O. and 
	{Perotto}, L. and {Pettorino}, V. and {Piacentini}, F. and {Plaszczynski}, S. and 
	{Polastri}, L. and {Polenta}, G. and {Puget}, J.-L. and {Rachen}, J.~P. and 
	{Racine}, B. and {Reinecke}, M. and {Remazeilles}, M. and {Renzi}, A. and 
	{Rocha}, G. and {Rossetti}, M. and {Roudier}, G. and {Rubi{\~n}o-Mart{\'{\i}}n}, J.~A. and 
	{Ruiz-Granados}, B. and {Salvati}, L. and {Sandri}, M. and {Savelainen}, M. and 
	{Scott}, D. and {Sirri}, G. and {Sunyaev}, R. and {Suur-Uski}, A.-S. and 
	{Tauber}, J.~A. and {Tenti}, M. and {Toffolatti}, L. and {Tomasi}, M. and 
	{Tristram}, M. and {Trombetti}, T. and {Valiviita}, J. and {Van Tent}, F. and 
	{Vielva}, P. and {Villa}, F. and {Vittorio}, N. and {Wandelt}, B.~D. and 
	{Wehus}, I.~K. and {White}, M. and {Zacchei}, A. and {Zonca}, A.
	},
    title = "{Planck intermediate results. XLVII. Planck constraints on reionization history}",
  journal = {\aap},
archivePrefix = "arXiv",
   eprint = {1605.03507},
 keywords = {cosmic background radiation, dark ages, reionization, first stars, polarization},
     year = 2016,
    month = dec,
   volume = 596,
      eid = {A108},
    pages = {A108},
      doi = {10.1051/0004-6361/201628897},
   adsurl = {http://adsabs.harvard.edu/abs/2016A%26A...596A.108P},
  adsnote = {Provided by the SAO/NASA Astrophysics Data System}
}

@ARTICLE{Peng2006,
   author = {{Peng}, E.~W. and {C{\^o}t{\'e}}, P. and {Jord{\'a}n}, A. and 
	{Blakeslee}, J.~P. and {Ferrarese}, L. and {Mei}, S. and {West}, M.~J. and 
	{Merritt}, D. and {Milosavljevi{\'c}}, M. and {Tonry}, J.~L.
	},
    title = "{The ACS Virgo Cluster Survey. XI. The Nature of Diffuse Star Clusters in Early-Type Galaxies}",
  journal = {\apj},
   eprint = {astro-ph/0511251},
 keywords = {Galaxies: Elliptical and Lenticular, cD, Galaxies: Evolution, Galaxy: Globular Clusters: General, Galaxy: Open Clusters and Associations: General},
     year = 2006,
    month = mar,
   volume = 639,
    pages = {838-857},
      doi = {10.1086/499485},
   adsurl = {http://adsabs.harvard.edu/abs/2006ApJ...639..838P},
  adsnote = {Provided by the SAO/NASA Astrophysics Data System}
}

@ARTICLE{Harris2013,
   author = {{Harris}, W.~E. and {Harris}, G.~L.~H. and {Alessi}, M.},
    title = "{A Catalog of Globular Cluster Systems: What Determines the Size of a Galaxy's Globular Cluster Population?}",
  journal = {\apj},
archivePrefix = "arXiv",
   eprint = {1306.2247},
 keywords = {galaxies: general, galaxies: star clusters: general, globular clusters: general},
     year = 2013,
    month = aug,
   volume = 772,
      eid = {82},
    pages = {82},
      doi = {10.1088/0004-637X/772/2/82},
   adsurl = {http://adsabs.harvard.edu/abs/2013ApJ...772...82H},
  adsnote = {Provided by the SAO/NASA Astrophysics Data System}
}


@ARTICLE{Beasley2003,
   author = {{Beasley}, M.~A. and {Kawata}, D. and {Pearce}, F.~R. and {Forbes}, D.~A. and 
	{Gibson}, B.~K.},
    title = "{The Metallicity of Pregalactic Globular Clusters: The Observational Consequences of the First Stars}",
  journal = {\apjl},
   eprint = {astro-ph/0309198},
 keywords = {Cosmology: Early Universe, Galaxy: Globular Clusters: General, Stars: Abundances, Stars: Formation},
     year = 2003,
    month = oct,
   volume = 596,
    pages = {L187-L190},
      doi = {10.1086/379531},
   adsurl = {http://adsabs.harvard.edu/abs/2003ApJ...596L.187B},
  adsnote = {Provided by the SAO/NASA Astrophysics Data System}
}


@ARTICLE{pfeffer2017,
   author = {{Pfeffer}, J.},
  journal = {in prep},
     year = 2017,
    month = oct,
   volume = ,
    pages = ,
}


@ARTICLE{Mould1998,
   author = {{Mould}, J.},
    title = "{The age of the globular clusters.}",
  journal = {\nat},
 keywords = {Globular Clusters: Ages, Globular Clusters: Galaxy},
     year = 1998,
    month = oct,
   volume = 395,
    pages = {A20},
   adsurl = {http://adsabs.harvard.edu/abs/1998Natur.395A..20M},
  adsnote = {Provided by the SAO/NASA Astrophysics Data System}
}


@ARTICLE{Forbes2015,
   author = {{Forbes}, D.~A. and {Pastorello}, N. and {Romanowsky}, A.~J. and 
	{Usher}, C. and {Brodie}, J.~P. and {Strader}, J.},
    title = "{The SLUGGS survey: inferring the formation epochs of metal-poor and metal-rich globular clusters}",
  journal = {\mnras},
archivePrefix = "arXiv",
   eprint = {1506.06820},
 keywords = {galaxies: evolution, galaxies: star clusters: general},
     year = 2015,
    month = sep,
   volume = 452,
    pages = {1045-1051},
      doi = {10.1093/mnras/stv1312},
   adsurl = {http://adsabs.harvard.edu/abs/2015MNRAS.452.1045F},
  adsnote = {Provided by the SAO/NASA Astrophysics Data System}
}


@ARTICLE{Vanzella2017,
   author = {{Vanzella}, E. and {Calura}, F. and {Meneghetti}, M. and {Mercurio}, A. and 
	{Castellano}, M. and {Caminha}, G.~B. and {Balestra}, I. and 
	{Rosati}, P. and {Tozzi}, P. and {De Barros}, S. and {Grazian}, A. and 
	{D'Ercole}, A. and {Ciotti}, L. and {Caputi}, K. and {Grillo}, C. and 
	{Merlin}, E. and {Pentericci}, L. and {Fontana}, A. and {Cristiani}, S. and 
	{Coe}, D.},
    title = "{Paving the way for the JWST: witnessing globular cluster formation at z $\gt$ 3}",
  journal = {\mnras},
archivePrefix = "arXiv",
   eprint = {1612.01526},
 keywords = {gravitational lensing: strong, galaxies: high redshift, galaxies: star formation},
     year = 2017,
    month = jun,
   volume = 467,
    pages = {4304-4321},
      doi = {10.1093/mnras/stx351},
   adsurl = {http://adsabs.harvard.edu/abs/2017MNRAS.467.4304V},
  adsnote = {Provided by the SAO/NASA Astrophysics Data System}
}


@ARTICLE{Wagner-Kaiser2017,
   author = {{Wagner-Kaiser}, R. and {Mackey}, D. and {Sarajedini}, A. and 
	{Chaboyer}, B. and {Cohen}, R.~E. and {Yang}, S.-C. and {Cummings}, J.~D. and 
	{Geisler}, D. and {Grocholski}, A.~J.},
    title = "{Exploring the nature and synchronicity of early cluster formation in the Large Magellanic Cloud - II. Relative ages and distances for six ancient globular clusters}",
  journal = {\mnras},
archivePrefix = "arXiv",
   eprint = {1707.01571},
 keywords = {globular clusters: individual: NGC 1466, globular clusters: individual: NGC 1841, globular clusters: individual: NGC 2210, globular clusters: individual: NGC 2257, globular clusters: individual: Reticulum, globular clusters: individual: Hodge 11},
     year = 2017,
    month = nov,
   volume = 471,
    pages = {3347-3358},
      doi = {10.1093/mnras/stx1702},
   adsurl = {http://adsabs.harvard.edu/abs/2017MNRAS.471.3347W},
  adsnote = {Provided by the SAO/NASA Astrophysics Data System}
}

@ARTICLE{Strader2005,
   author = {{Strader}, J. and {Brodie}, J.~P. and {Cenarro}, A.~J. and {Beasley}, M.~A. and 
	{Forbes}, D.~A.},
    title = "{Extragalactic Globular Clusters: Old Spectroscopic Ages and New Views on Their Formation}",
  journal = {\aj},
   eprint = {astro-ph/0506289},
 keywords = {Galaxies: Formation, Galaxies: Star Clusters, Galaxy: Globular Clusters: General},
     year = 2005,
    month = oct,
   volume = 130,
    pages = {1315-1323},
      doi = {10.1086/432717},
   adsurl = {http://adsabs.harvard.edu/abs/2005AJ....130.1315S},
  adsnote = {Provided by the SAO/NASA Astrophysics Data System}
}


@ARTICLE{Usher2012,
   author = {{Usher}, C. and {Forbes}, D.~A. and {Brodie}, J.~P. and {Foster}, C. and 
	{Spitler}, L.~R. and {Arnold}, J.~A. and {Romanowsky}, A.~J. and 
	{Strader}, J. and {Pota}, V.},
    title = "{The SLUGGS survey: calcium triplet-based spectroscopic metallicities for over 900 globular clusters}",
  journal = {\mnras},
archivePrefix = "arXiv",
   eprint = {1207.6402},
 primaryClass = "astro-ph.CO",
 keywords = {globular clusters: general, galaxies: abundances, galaxies: star clusters: general, galaxies: stellar content},
     year = 2012,
    month = oct,
   volume = 426,
    pages = {1475-1495},
      doi = {10.1111/j.1365-2966.2012.21801.x},
   adsurl = {http://adsabs.harvard.edu/abs/2012MNRAS.426.1475U},
  adsnote = {Provided by the SAO/NASA Astrophysics Data System}
}


@ARTICLE{Brodie2006,
   author = {{Brodie}, J.~P. and {Strader}, J.},
    title = "{Extragalactic Globular Clusters and Galaxy Formation}",
  journal = {\araa},
   eprint = {astro-ph/0602601},
     year = 2006,
    month = sep,
   volume = 44,
    pages = {193-267},
      doi = {10.1146/annurev.astro.44.051905.092441},
   adsurl = {http://adsabs.harvard.edu/abs/2006ARA%26A..44..193B},
  adsnote = {Provided by the SAO/NASA Astrophysics Data System}
}


@ARTICLE{Flesch2015,
   author = {{Flesch}, E.~W.},
    title = "{The Half Million Quasars (HMQ) Catalogue}",
  journal = {\pasa},
archivePrefix = "arXiv",
   eprint = {1502.06303},
 keywords = {catalogues, quasars: general},
     year = 2015,
    month = mar,
   volume = 32,
      eid = {e010},
    pages = {e010},
      doi = {10.1017/pasa.2015.10},
   adsurl = {http://adsabs.harvard.edu/abs/2015PASA...32...10F},
  adsnote = {Provided by the SAO/NASA Astrophysics Data System}
}



@ARTICLE{Turner2001,
   author = {{Turner}, M.~S.},
    title = "{Dark Energy and the New Cosmology}",
  journal = {ArXiv Astrophysics e-prints},
   eprint = {astro-ph/0108103},
 keywords = {Astrophysics},
     year = 2001,
    month = aug,
   adsurl = {http://adsabs.harvard.edu/abs/2001astro.ph..8103T},
  adsnote = {Provided by the SAO/NASA Astrophysics Data System}
}


@ARTICLE{rees2001,
   author = {{Rees}, M.~J.},
    title = "{Concluding Perspective}",
  journal = {ArXiv Astrophysics e-prints},
   eprint = {astro-ph/0101268},
 keywords = {Astrophysics},
     year = 2001,
    month = jan,
   adsurl = {http://adsabs.harvard.edu/abs/2001astro.ph..1268R},
  adsnote = {Provided by the SAO/NASA Astrophysics Data System}
}


@ARTICLE{planck_params,
   author = {{Planck Collaboration} and {Ade}, P.~A.~R. and {Aghanim}, N. and 
	{Arnaud}, M. and {Ashdown}, M. and {Aumont}, J. and {Baccigalupi}, C. and 
	{Banday}, A.~J. and {Barreiro}, R.~B. and {Bartlett}, J.~G. and et al.},
    title = "{Planck 2015 results. XIII. Cosmological parameters}",
  journal = {\aap},
archivePrefix = "arXiv",
   eprint = {1502.01589},
 keywords = {cosmology: observations, cosmology: theory, cosmic background radiation, cosmological parameters},
     year = 2016,
    month = sep,
   volume = 594,
      eid = {A13},
    pages = {A13},
      doi = {10.1051/0004-6361/201525830},
   adsurl = {http://adsabs.harvard.edu/abs/2016A%26A...594A..13P},
  adsnote = {Provided by the SAO/NASA Astrophysics Data System}
}


@ARTICLE{Wiltshire2009,
   author = {{Wiltshire}, D.~L.},
    title = "{From Time to Timescape {\mdash} Einstein's Unfinished Revolution}",
  journal = {International Journal of Modern Physics D},
archivePrefix = "arXiv",
   eprint = {0912.4563},
 primaryClass = "gr-qc",
 keywords = {General relativity, equivalence principle, theoretical cosmology, dark energy},
     year = 2009,
   volume = 18,
    pages = {2121-2134},
      doi = {10.1142/S0218271809016193},
   adsurl = {http://adsabs.harvard.edu/abs/2009IJMPD..18.2121W},
  adsnote = {Provided by the SAO/NASA Astrophysics Data System}
}



@ARTICLE{Namikawa2017,
   author = {{Namikawa}, T.},
    title = "{Constraints on Patchy Reionization from Planck CMB Temperature Trispectrum}",
  journal = {ArXiv e-prints},
archivePrefix = "arXiv",
   eprint = {1711.00058},
 keywords = {Astrophysics - Cosmology and Nongalactic Astrophysics},
     year = 2017,
    month = oct,
   adsurl = {http://adsabs.harvard.edu/abs/2017arXiv171100058N},
  adsnote = {Provided by the SAO/NASA Astrophysics Data System}
}


@ARTICLE{Gluscevic2013,
   author = {{Gluscevic}, V. and {Kamionkowski}, M. and {Hanson}, D.},
    title = "{Patchy screening of the cosmic microwave background by inhomogeneous reionization}",
  journal = {\prd},
archivePrefix = "arXiv",
   eprint = {1210.5507},
 primaryClass = "astro-ph.CO",
 keywords = {Background radiations},
     year = 2013,
    month = feb,
   volume = 87,
   number = 4,
      eid = {047303},
    pages = {047303},
      doi = {10.1103/PhysRevD.87.047303},
   adsurl = {http://adsabs.harvard.edu/abs/2013PhRvD..87d7303G},
  adsnote = {Provided by the SAO/NASA Astrophysics Data System}
}


@ARTICLE{dvorkin2009,
   author = {{Dvorkin}, C. and {Smith}, K.~M.},
    title = "{Reconstructing patchy reionization from the cosmic microwave background}",
  journal = {\prd},
archivePrefix = "arXiv",
   eprint = {0812.1566},
 keywords = {Background radiations},
     year = 2009,
    month = feb,
   volume = 79,
   number = 4,
      eid = {043003},
    pages = {043003},
      doi = {10.1103/PhysRevD.79.043003},
   adsurl = {http://adsabs.harvard.edu/abs/2009PhRvD..79d3003D},
  adsnote = {Provided by the SAO/NASA Astrophysics Data System}
}


@ARTICLE{Ishiyama2016,
   author = {{Ishiyama}, T. and {Sudo}, K. and {Yokoi}, S. and {Hasegawa}, K. and 
	{Tominaga}, N. and {Susa}, H.},
    title = "{Where are the Low-mass Population III Stars?}",
  journal = {\apj},
archivePrefix = "arXiv",
   eprint = {1602.00465},
 keywords = {dark matter, early universe, dark ages, reionization, first stars, Galaxy: structure, methods: numerical, stars: low-mass},
     year = 2016,
    month = jul,
   volume = 826,
      eid = {9},
    pages = {9},
      doi = {10.3847/0004-637X/826/1/9},
   adsurl = {http://adsabs.harvard.edu/abs/2016ApJ...826....9I},
  adsnote = {Provided by the SAO/NASA Astrophysics Data System}
}

@article{healpix,
abstract = {HEALPix -- the Hierarchical Equal Area iso-Latitude Pixelization -- is a versatile data structure with an associated library of computational algorithms and visualization software that supports fast scientific applications executable directly on very large volumes of astronomical data and large area surveys in the form of discretized spherical maps. Originally developed to address the data processing and analysis needs of the present generation of cosmic microwave background (CMB) experiments (e.g. BOOMERanG, WMAP), HEALPix can be expanded to meet many of the profound challenges that will arise in confrontation with the observational output of future missions and experiments, including e.g. Planck, Herschel, SAFIR, and the Beyond Einstein CMB polarization probe. In this paper we consider the requirements and constraints to be met in order to implement a sufficient framework for the efficient discretization and fast analysis/synthesis of functions defined on the sphere, and summarise how they are satisfied by HEALPix.},
archivePrefix = {arXiv},
arxivId = {astro-ph/0409513},
author = {Gorski, K. M. and Hivon, E. and Banday, A. J. and Wandelt, B. D. and Hansen, F. K. and Reinecke, M. and Bartelmann, M.},
doi = {10.1086/427976},
eprint = {0409513},
issn = {0004-637X},
journal = {The Astrophysical Journal},
month = {apr},
number = {2},
pages = {759--771},
primaryClass = {astro-ph},
title = {{HEALPix: A Framework for High Resolution Discretization and Fast Analysis of Data Distributed on the Sphere}},
url = {http://stacks.iop.org/0004-637X/622/i=2/a=759$\backslash$nhttp://arxiv.org/abs/astro-ph/0409513$\backslash$nhttp://dx.doi.org/10.1086/427976 http://stacks.iop.org/0004-637X/622/i=2/a=759},
volume = {622},
year = {2005}
}


@ARTICLE{Renzini2017,
   author = {{Renzini}, A.},
    title = "{Finding forming globular clusters at high redshifts}",
  journal = {\mnras},
archivePrefix = "arXiv",
   eprint = {1704.04883},
 keywords = {globular clusters: general, galaxies: evolution, galaxies: formation, galaxies: high-redshift},
     year = 2017,
    month = jul,
   volume = 469,
    pages = {L63-L67},
      doi = {10.1093/mnrasl/slx057},
   adsurl = {http://adsabs.harvard.edu/abs/2017MNRAS.469L..63R},
  adsnote = {Provided by the SAO/NASA Astrophysics Data System}
}

@ARTICLE{Glover2014,
   author = {{Glover}, S.~C.~O. and {Clark}, P.~C.},
    title = "{Molecular cooling in the diffuse interstellar medium}",
  journal = {\mnras},
archivePrefix = "arXiv",
   eprint = {1305.7365},
 keywords = {stars: formation, ISM: clouds, ISM: molecules, galaxies: ISM},
     year = 2014,
    month = jan,
   volume = 437,
    pages = {9-20},
      doi = {10.1093/mnras/stt1809},
   adsurl = {http://adsabs.harvard.edu/abs/2014MNRAS.437....9G},
  adsnote = {Provided by the SAO/NASA Astrophysics Data System}
}


@ARTICLE{Wang2017,
   author = {{Wang}, L. and {Baade}, D. and {Baron}, E. and {Bernard}, S. and 
	{Bromm}, V. and {Brown}, P. and {Clayton}, G. and {Cooke}, J. and 
	{Croton}, D. and {Curtin}, C. and {Drout}, M. and {Doi}, M. and 
	{Dominguez}, I. and {Finkelstein}, S. and {Gal-Yam}, A. and 
	{Geil}, P. and {Heger}, A. and {Hoeflich}, P. and {Jian}, J. and 
	{Krisciunas}, K. and {Koekemoer}, A. and {Lunnan}, R. and {Maeda}, K. and 
	{Maund}, J. and {Modjaz}, M. and {Mould}, J. and {Nomoto}, K. and 
	{Nugent}, P. and {Patat}, F. and {Pacucci}, F. and {Phillips}, M. and 
	{Rest}, A. and {Regos}, E. and {Sand}, D. and {Sparks}, B. and 
	{Spyromilio}, J. and {Staveley-Smith}, L. and {Suntzeff}, N. and 
	{Uddin}, S. and {Villarroel}, B. and {Vinko}, J. and {Whalen}, D. and 
	{Wheeler}, J. and {Wood-Vasey}, M. and {Yang}, Y. and {Yue}, B.
	},
    title = "{A First Transients Survey with JWST: the FLARE project}",
  journal = {ArXiv e-prints},
archivePrefix = "arXiv",
   eprint = {1710.07005},
 primaryClass = "astro-ph.IM",
 keywords = {Astrophysics - Instrumentation and Methods for Astrophysics, Astrophysics - High Energy Astrophysical Phenomena},
     year = 2017,
    month = oct,
   adsurl = {http://adsabs.harvard.edu/abs/2017arXiv171007005W},
  adsnote = {Provided by the SAO/NASA Astrophysics Data System}
}

@ARTICLE{Wang2011,
   author = {{Wang}, R. and {Wagg}, J. and {Carilli}, C.~L. and {Neri}, R. and 
	{Walter}, F. and {Omont}, A. and {Riechers}, D.~A. and {Bertoldi}, F. and 
	{Menten}, K.~M. and {Cox}, P. and {Strauss}, M.~A. and {Fan}, X. and 
	{Jiang}, L.},
    title = "{Far-infrared and Molecular CO Emission from the Host Galaxies of Faint Quasars at z \~{} 6}",
  journal = {\aj},
archivePrefix = "arXiv",
   eprint = {1107.5065},
 keywords = {galaxies: active, galaxies: high-redshift, galaxies: starburst, molecular data, quasars: general},
     year = 2011,
    month = oct,
   volume = 142,
      eid = {101},
    pages = {101},
      doi = {10.1088/0004-6256/142/4/101},
   adsurl = {http://adsabs.harvard.edu/abs/2011AJ....142..101W},
  adsnote = {Provided by the SAO/NASA Astrophysics Data System}
}


@ARTICLE{Omont2013,
   author = {{Omont}, A. and {Willott}, C.~J. and {Beelen}, A. and {Bergeron}, J. and 
	{Orellana}, G. and {Delorme}, P.},
    title = "{The Canada-France High-z Quasar Survey: 1.2 mm observations}",
  journal = {\aap},
archivePrefix = "arXiv",
   eprint = {1301.6632},
 keywords = {galaxies: high-redshift, galaxies: starburst, galaxies: active, infrared: galaxies, submillimeter: galaxies},
     year = 2013,
    month = apr,
   volume = 552,
      eid = {A43},
    pages = {A43},
      doi = {10.1051/0004-6361/201221006},
   adsurl = {http://adsabs.harvard.edu/abs/2013A%26A...552A..43O},
  adsnote = {Provided by the SAO/NASA Astrophysics Data System}
}


@ARTICLE{Venemans2016,
   author = {{Venemans}, B.~P. and {Verdoes Kleijn}, G.~A. and {Mwebaze}, J. and 
	{Valentijn}, E.~A. and {Ba{\~n}ados}, E. and {Decarli}, R. and 
	{de Jong}, J.~T.~A. and {Findlay}, J.~R. and {Kuijken}, K.~H. and 
	{La Barbera}, F. and {McFarland}, J.~P. and {McMahon}, R.~G. and 
	{Napolitano}, N. and {Sikkema}, G. and {Sutherland}, W.~J.},
    title = "{First discoveries of z {\tilde} 6 quasars with the Kilo-Degree Survey and VISTA Kilo-Degree Infrared Galaxy survey}",
  journal = {\mnras},
archivePrefix = "arXiv",
   eprint = {1507.00726},
 keywords = {galaxies: active, quasars: general, cosmology: observations},
     year = 2015,
    month = nov,
   volume = 453,
    pages = {2259-2266},
      doi = {10.1093/mnras/stv1774},
   adsurl = {http://adsabs.harvard.edu/abs/2015MNRAS.453.2259V},
  adsnote = {Provided by the SAO/NASA Astrophysics Data System}
}
